<?xml version="1.0" encoding="UTF-8"?>
<ENVELOPE>
  <HEADER>
    <TALLYREQUEST>Import Data</TALLYREQUEST>
  </HEADER>
  <BODY>
    <IMPORTDATA>
      <REQUESTDESC>
        <REPORTNAME>Vouchers</REPORTNAME>
        <STATICVARIABLES>
          <SVCURRENTCOMPANY>NU ASSOCIATES LLP</SVCURRENTCOMPANY>
        </STATICVARIABLES>
      </REQUESTDESC>
      <REQUESTDATA>
        <TALLYMESSAGE xmlns:UDF="TallyUDF">
          <VOUCHER VCHTYPE="Sales" ACTION="Create" OBJVIEW="Invoice Voucher View">
            <DATE>20260606</DATE>
            <VOUCHERNUMBER>CL-A/011</VOUCHERNUMBER>
            <NARRATION>RA Bill RA-01 — Civil — Project A</NARRATION>
            <PARTYLEDGERNAME></PARTYLEDGERNAME>
            <VOUCHERTYPENAME>Sales</VOUCHERTYPENAME>
            <PLACEOFSUPPLY></PLACEOFSUPPLY>
            <ISSERVICETAX>Yes</ISSERVICETAX>
            
            <ALLINVENTORYENTRIES.LIST>
              <STOCKITEMNAME>Item 1</STOCKITEMNAME>
              <ISDEEMEDPOSITIVE>No</ISDEEMEDPOSITIVE>
              <HSNDETAILS.LIST>
                <APPLICABLEFROM>20260606</APPLICABLEFROM>
                <HSNCODE>9954</HSNCODE>
                <TAXABILITY>Taxable</TAXABILITY>
                <GSTRATE>18</GSTRATE>
              </HSNDETAILS.LIST>
              <ACTUALQTY>2.000 sqm</ACTUALQTY>
              <BILLEDQTY>2.000 sqm</BILLEDQTY>
              <RATE>1500.00/sqm</RATE>
              <AMOUNT>-3000.00</AMOUNT>
            </ALLINVENTORYENTRIES.LIST>
            <ALLLEDGERENTRIES.LIST>
              <LEDGERNAME></LEDGERNAME>
              <ISDEEMEDPOSITIVE>No</ISDEEMEDPOSITIVE>
              <AMOUNT>-3000.00</AMOUNT>
            </ALLLEDGERENTRIES.LIST>
            <ALLLEDGERENTRIES.LIST>
              <LEDGERNAME>CGST</LEDGERNAME>
              <ISDEEMEDPOSITIVE>No</ISDEEMEDPOSITIVE>
              <AMOUNT>-270.00</AMOUNT>
            </ALLLEDGERENTRIES.LIST>
            <ALLLEDGERENTRIES.LIST>
              <LEDGERNAME>SGST</LEDGERNAME>
              <ISDEEMEDPOSITIVE>No</ISDEEMEDPOSITIVE>
              <AMOUNT>-270.00</AMOUNT>
            </ALLLEDGERENTRIES.LIST>
            <ALLLEDGERENTRIES.LIST>
              <LEDGERNAME></LEDGERNAME>
              <ISDEEMEDPOSITIVE>Yes</ISDEEMEDPOSITIVE>
              <AMOUNT>3540.00</AMOUNT>
            </ALLLEDGERENTRIES.LIST>
          </VOUCHER>
        </TALLYMESSAGE>
      </REQUESTDATA>
    </IMPORTDATA>
  </BODY>
</ENVELOPE>